@misc{curvetrees,
      author = {Matteo Campanelli and Mathias Hall-Andersen and Simon Holmgaard Kamp},
      title = {Curve Trees: Practical and Transparent Zero-Knowledge Accumulators},
      howpublished = {Cryptology ePrint Archive, Paper 2022/756},
      year = {2022},
      note = {\url{https://eprint.iacr.org/2022/756}},
      url = {https://eprint.iacr.org/2022/756}
}

@misc{bp,
      author = {Benedikt BÃ¼nz and Jonathan Bootle and Dan Boneh and Andrew Poelstra and Pieter Wuille and Greg Maxwell},
      title = {Bulletproofs: Short Proofs for Confidential Transactions and More},
      howpublished = {Cryptology ePrint Archive, Paper 2017/1066},
      year = {2017},
      note = {\url{https://eprint.iacr.org/2017/1066}},
      url = {https://eprint.iacr.org/2017/1066}
}
